@article{FRPSynth,
  author    = {Bernd Finkbeiner and
               Felix Klein and
               Ruzica Piskac and
               Mark Santolucito},
  title     = {Synthesizing Functional Reactive Programs},
  journal   = {CoRR},
  volume    = {abs/1712.00246},
  year      = {2017},
  url       = {http://arxiv.org/abs/1712.00246},
  archivePrefix = {arXiv},
  eprint    = {1712.00246},
  timestamp = {Wed, 03 Jan 2018 12:33:17 +0100},
  biburl    = {https://dblp.org/rec/bib/journals/corr/abs-1712-00246},
  bibsource = {dblp computer science bibliography, https://dblp.org}
}
